bibliography.bib
@article{rodriguez_termodinamica,
  author = {Julio E. Rodríguez},
  title = {Termodinámica ME},
  publisher = {Universidad Nacional de Colombia},
  note = {solucionsalina1.pdf}
}

@article{rodriguez_disoluciones,
  author = {J.E. Rodríguez},
  title = {Disoluciones},
  journal = {Departamento de Física, grupo de Materiales Termoeléctricos, Universidad Nacional de Colombia},
  year = {2025},
  month = {Abril},
  note = {slide_disoluciones.pdf}
}