@article{Wilbur2022NotchfilteredAR,
  title={Notch-filtered Adiabatic Rapid Passage for Optically-Driven Quantum Light Sources},
  author={Grant R. Wilbur and Ali Binai-Motlagh and Alison Clarke and Ajan P. Ramachandran and Nick Milson and John P. Healey and Sabine O’Neal and Dennis Deppe and Kimberley C. Hall},
  journal={APL Photonics},
  year={2022},
  url={https://api.semanticscholar.org/CorpusID:252980149}
}

@article{Malinovsky2001GeneralTO,
  title={General theory of population transfer by adiabatic rapid passage with intense, chirped laser pulses},
  author={Vladimir S. Malinovsky and Jeffrey L. Krause},
  journal={The European Physical Journal D - Atomic, Molecular, Optical and Plasma Physics},
  year={2001},
  volume={14},
  pages={147-155},
  url={https://api.semanticscholar.org/CorpusID:53322692}
}

@article{Camparo1984ADA,
  title={A dressed atom interpretation of adiabatic rapid passage},
  author={James C. Camparo and R. P. Frueholz},
  journal={Journal of Physics B},
  year={1984},
  volume={17},
  pages={4169-4178},
  url={https://api.semanticscholar.org/CorpusID:121207602}
}

@article{Walmsley2009CharacterizationOU,
  title={Characterization of ultrashort electromagnetic pulses},
  author={Ian A. Walmsley and Christophe Dorrer},
  journal={Advances in Optics and Photonics},
  year={2009},
  volume={1},
  pages={308-437},
  url={https://api.semanticscholar.org/CorpusID:123482945}
}

@article{Garside1975OpticalRA,
  title={Optical Resonance and Two-level Atoms},
  author={B. Garside},
  journal={Journal of Modern Optics},
  year={1975},
  volume={22},
  pages={1041-1042},
  url={https://api.semanticscholar.org/CorpusID:120542935}
}

@article{Comparat2006GeneralCF,
  title={General conditions for quantum adiabatic evolution},
  author={Daniel Comparat},
  journal={Physical Review A},
  year={2006},
  volume={80},
  pages={012106},
  url={https://api.semanticscholar.org/CorpusID:42291026}
}

@article{Ivakhnenko2022NonadiabaticLT,
  title={Nonadiabatic Landau–Zener–St{\"u}ckelberg–Majorana transitions, dynamics, and interference},
  author={O. V. Ivakhnenko and Sergey N. Shevchenko and Franco Nori},
  journal={Physics Reports},
  year={2022},
  url={https://api.semanticscholar.org/CorpusID:252683448}
}

@article{Shevchenko2009LandauZenerStckelbergI,
  title={Landau-Zener-St{\"u}ckelberg interferometry},
  author={Sergey N. Shevchenko and Sahel Ashhab and Franco Nori},
  journal={Physics Reports},
  year={2009},
  volume={492},
  pages={1-30},
  url={https://api.semanticscholar.org/CorpusID:2489432}
}

@article{Chanda2023OptimalPT,
  title={Optimal population transfer using adiabatic rapid passage in the presence of drive-induced dissipation},
  author={Nilanjana Chanda and Pratik Patnaik and Rangeet Bhattacharyya},
  journal={Physical Review A},
  year={2023},
  url={https://api.semanticscholar.org/CorpusID:256194478}
}

@inproceedings{Degen2016QuantumS,
  title={Quantum sensing},
  author={Christian L. Degen and Friedemann Reinhard and Paola Cappellaro},
  year={2016},
  url={https://api.semanticscholar.org/CorpusID:2555443}
}

@article{Giovannetti2011AdvancesIQ,
  title={Advances in quantum metrology},
  author={Vittorio Giovannetti and Seth Lloyd and Lorenzo Maccone},
  journal={Nature Photonics},
  year={2011},
  volume={5},
  pages={222-229},
  url={https://api.semanticscholar.org/CorpusID:12591819}
}

@article{Borregaard2019OneWayQR,
  title={One-Way Quantum Repeater Based on Near-Deterministic Photon-Emitter Interfaces},
  author={Johannes Borregaard and Hannes Pichler and Tim Schr{\"o}der and Mikhail D. Lukin and Peter Lodahl and Anders S{\o}ndberg S{\o}rensen},
  journal={Physical Review X},
  year={2019},
  url={https://api.semanticscholar.org/CorpusID:195886477}
}

@article{Wehner2018QuantumIA,
  title={Quantum internet: A vision for the road ahead},
  author={Stephanie Wehner and David Elkouss and Ronald Hanson},
  journal={Science},
  year={2018},
  volume={362},
  url={https://api.semanticscholar.org/CorpusID:53018298}
}

@article{Cirac1996QuantumST,
  title={Quantum State Transfer and Entanglement Distribution among Distant Nodes in a Quantum Network},
  author={Juan Ignacio Cirac and Peter Zoller and Harry J. Kimble and Hideo Mabuchi},
  journal={Physical Review Letters},
  year={1996},
  volume={78},
  pages={3221-3224},
  url={https://api.semanticscholar.org/CorpusID:39944589}
}

@article{Mttar2018DeviceindependentQK,
  title={Device-independent quantum key distribution with single-photon sources},
  author={Alejandro M{\'a}ttar and Daniel Cavalcanti and Jan Kołodyński and Paul Skrzypczyk and Antonio Ac{\'i}n and Konrad Banaszek},
  journal={Quantum},
  year={2018},
  volume={4},
  pages={260},
  url={https://api.semanticscholar.org/CorpusID:51691248}
}

@article{Kok2005LinearOQ,
  title={Linear optical quantum computing with photonic qubits},
  author={Pieter Kok and William J. Munro and Kae Nemoto and Timothy C. Ralph and Jonathan P. Dowling and Gerard J. Milburn},
  journal={Reviews of Modern Physics},
  year={2005},
  volume={79},
  pages={135-174},
  url={https://api.semanticscholar.org/CorpusID:1916401}
}

@article{AspuruGuzik2012PhotonicQS,
  title={Photonic quantum simulators},
  author={Al{\'a}n Aspuru-Guzik and Philip Walther},
  journal={Nature Physics},
  year={2012},
  volume={8},
  pages={285 - 291},
  url={https://api.semanticscholar.org/CorpusID:51902793}
}

@article{Knill2001ASF,
  title={A scheme for efficient quantum computation with linear optics},
  author={Emanuel Knill and Raymond Laflamme and Gerard J. Milburn},
  journal={Nature},
  year={2001},
  volume={409},
  pages={46-52},
  url={https://api.semanticscholar.org/CorpusID:4362012}
}

@article{Santori2000TriggeredSP,
  title={Triggered single photons from a quantum dot.},
  author={Charles M. Santori and Matthew Pelton and Glenn S Solomon and Yseulte Dale and Yoshihisa Yamamoto},
  journal={Physical review letters},
  year={2000},
  volume={86 8},
  pages={
          1502-5
        },
  url={https://api.semanticscholar.org/CorpusID:15748633}
}

@article{Karli2024RobustSG,
  title={Robust single-photon generation for quantum information enabled by stimulated adiabatic rapid passage},
  author={Yusuf Karli and Ren{\'e} Schwarz and Florian Kappe and Daniel A. Vajner and Ria G. Kr{\"a}mer and Thomas K. Bracht and Saimon Filipe Covre da Silva and Daniel Richter and Stefan Nolte and Armando Rastelli and Doris E. Reiter and Gregor Weihs and Tobias Heindel and Vikas Remesh},
  journal={Applied Physics Letters},
  year={2024},
  url={https://api.semanticscholar.org/CorpusID:272828073}
}

@inproceedings{Bracht2024SolidstateQE,
  title={Solid-state quantum emitters for photon generation excited by the SUPER scheme},
  author={Thomas K. Bracht and Doris E. Reiter},
  booktitle={OPTO},
  year={2024},
  url={https://api.semanticscholar.org/CorpusID:270443833}
}

@article{Kappe2024ChirpedPM,
  title={Chirped Pulses Meet Quantum Dots: Innovations, Challenges, and Future Perspectives},
  author={Florian Kappe and Yusuf Karli and Grant R. Wilbur and Ria G. Kr{\"a}mer and Sayan Ghosh and Ren{\'e} Schwarz and Moritz Kaiser and Thomas K. Bracht and Doris E. Reiter and Stefan Nolte and Kimberley C. Hall and Gregor Weihs and Vikas Remesh},
  journal={Advanced Quantum Technologies},
  year={2024},
  url={https://api.semanticscholar.org/CorpusID:266919811}
}

@article{Bracht2021SwingUpOQ,
  title={Swing-Up of Quantum Emitter Population Using Detuned Pulses},
  author={Thomas K. Bracht and Michael Cosacchi and Tim Seidelmann and Moritz Cygorek and Alexei Vagov and Vollrath Martin Axt and Tobias Heindel and Doris E. Reiter},
  journal={PRX Quantum},
  year={2021},
  url={https://api.semanticscholar.org/CorpusID:244463031}
}

@article{He2019CoherentlyDA,
  title={Coherently driving a single quantum two-level system with dichromatic laser pulses},
  author={Yu-Ming He and Hui Wang and Can Wang and M.-C. Chen and Xing Ding and Jian Qin and Zhao-Chen Duan and Si Chen and J.-P. Li and Run-Ze Liu and Schneider and Mete Atat{\"u}re and Sven Hoefling and Chaoyang Lu and Jian-Wei Pan},
  journal={Nature Physics},
  year={2019},
  volume={15},
  pages={941 - 946},
  url={https://api.semanticscholar.org/CorpusID:141475749}
}

@article{Koong2020CoherentDI,
  title={Coherent Dynamics in Quantum Emitters under Dichromatic Excitation.},
  author={Zhe Xian Koong and Eleanor Scerri and Markus Rambach and Moritz Cygorek and Mauro Brotons-Gisbert and Rapha{\"e}l Picard and Y. Ma and S. I. Park and Jin Dong Song and Erik Manuel Gauger and Brian D. Gerardot},
  journal={Physical review letters},
  year={2020},
  volume={126 4},
  pages={
          047403
        },
  url={https://api.semanticscholar.org/CorpusID:221507651}
}

@article{Gustin2017InfluenceOE,
  title={Influence of electron-phonon scattering for an on-demand quantum dot single-photon source using cavity-assisted adiabatic passage},
  author={Chris Gustin and Stephen Hughes},
  journal={Physical Review B},
  year={2017},
  volume={96},
  pages={085305},
  url={https://api.semanticscholar.org/CorpusID:119188456}
}

@article{Mathew2014SubpicosecondAR,
  title={Subpicosecond adiabatic rapid passage on a single semiconductor quantum dot: Phonon-mediated dephasing in the strong-driving regime},
  author={Reuble Mathew and Eric Dilcher and Angela Gamouras and Ajan P. Ramachandran and Hong Yi Shi Yang and Sabine Freisem and Dennis Deppe and Kimberley C. Hall},
  journal={Physical Review B},
  year={2014},
  volume={90},
  pages={035316},
  url={https://api.semanticscholar.org/CorpusID:124590137}
}

@article{Lker2019ARO,
  title={A review on optical excitation of semiconductor quantum dots under the influence of phonons},
  author={Sebastian L{\"u}ker and Doris E. Reiter},
  journal={Semiconductor Science and Technology},
  year={2019},
  volume={34},
  url={https://api.semanticscholar.org/CorpusID:149716837}
}

@article{Kuhlmann2013TransformlimitedSP,
  title={Transform-limited single photons from a single quantum dot},
  author={Andreas V. Kuhlmann and Jonathan H. Prechtel and Julien Houel and Arne Ludwig and Dirk Reuter and Andreas Dirk Wieck and Richard John Warburton},
  journal={Nature Communications},
  year={2013},
  volume={6},
  url={https://api.semanticscholar.org/CorpusID:15081031}
}

@article{Somaschi2015NearoptimalSS,
  title={Near-optimal single-photon sources in the solid state},
  author={Niccolo Somaschi and Val'erian Giesz and Lorenzo De Santis and Juan C. Loredo and Marcelo P. Almeida and Gaston Hornecker and Simone Luca Portalupi and Thomas Grange and Carlos Ant{\'o}n and Justin Demory and Carmen G{\'o}mez and Isabelle Sagnes and Norberto Daniel Lanzillotti-Kimura and Aristide Lema{\^i}tre and Alexia Auff{\`e}ves and Andrew G. White and Lo{\"i}c Lanco and Lo{\"i}c Lanco and Pascale Senellart},
  journal={Nature Photonics},
  year={2015},
  volume={10},
  pages={340 - 345},
  url={https://api.semanticscholar.org/CorpusID:119281960}
}

@article{Chen2018HighlyefficientEO,
  title={Highly-efficient extraction of entangled photons from quantum dots using a broadband optical antenna},
  author={Yan Chen and Michael Zopf and Robert Keil and Fei Ding and Oliver G. Schmidt},
  journal={Nature Communications},
  year={2018},
  volume={9},
  url={https://api.semanticscholar.org/CorpusID:51887389}
}

@article{Liu2019ASS,
  title={A solid-state source of strongly entangled photon pairs with high brightness and indistinguishability},
  author={Jin Liu and Rongbin Su and Yuming Wei and Beimeng Yao and Saimon Covre da Silva and Ying Yu and Jake Iles-Smith and Kartik Srinivasan and Armando Rastelli and Juntao Li and Xuehua Wang},
  journal={Nature Nanotechnology},
  year={2019},
  volume={14},
  pages={586-593},
  url={https://api.semanticscholar.org/CorpusID:92988265}
}

@article{Jns2015BrightNS,
  title={Bright nanoscale source of deterministic entangled photon pairs violating Bell’s inequality},
  author={Klaus D. J{\"o}ns and Lucas Schweickert and Marijn A. M. Versteegh and Dan Dalacu and Philip J. Poole and Angelo Gulinatti and Andrea Carlo Giudice and Val Zwiller and Michael E. Reimer},
  journal={Scientific Reports},
  year={2015},
  volume={7},
  url={https://api.semanticscholar.org/CorpusID:3276520}
}

@article{Reimer2012BrightSS,
  title={Bright single-photon sources in bottom-up tailored nanowires},
  author={Michael E. Reimer and Gabriele Bulgarini and Nika Akopian and Mo{\"i}ra Hocevar and Maaike Bouwes Bavinck and Marcel A. Verheijen and Erik P.A.M. Bakkers and Leo P Kouwenhoven and Val Zwiller},
  journal={Nature Communications},
  year={2012},
  volume={3},
  url={https://api.semanticscholar.org/CorpusID:14190216}
}

@article{Reindl2019HighlyIS,
  title={Highly indistinguishable single photons from incoherently excited quantum dots},
  author={Marcus Reindl and Jonas H. Weber and Daniel Huber and Christian Schimpf and Saimon Filipe Covre da Silva and Simone Luca Portalupi and Rinaldo Trotta and Peter Michler and Armando Rastelli},
  journal={Physical Review B},
  year={2019},
  url={https://api.semanticscholar.org/CorpusID:119249128}
}

@article{Madsen2014EfficientOO,
  title={Efficient out-coupling of high-purity single photons from a coherent quantum dot in a photonic-crystal cavity},
  author={Kristian H{\o}eg Madsen and Serkan Ateş and Jin Liu and Jin Liu and Alisa Javadi and S. M. Albrecht and Inah Yeo and S{\o}ren Stobbe and Peter Lodahl},
  journal={Physical Review B},
  year={2014},
  volume={90},
  pages={155303},
  url={https://api.semanticscholar.org/CorpusID:33077504}
}

@article{Wang2019TowardsOS,
  title={Towards optimal single-photon sources from polarized microcavities},
  author={Hui Wang and Yu-Ming He and Tung Hsun Chung and Hai Hu and Ying Yu and Si Chen and Xing Ding and Ming-Cheng Chen and Jian Qin and Xiaoxia Yang and Run-Ze Liu and Zhao-Chen Duan and Jin-Peng Li and Stefan Gerhardt and K. Winkler and Jonathan Jurkat and Lin-Jun Wang and Niels Gregersen and Yongheng Huo and Qing Dai and Siyuan Yu and Sven H{\"o}fling and Chaoyang Lu and Jian-Wei Pan},
  journal={Nature Photonics},
  year={2019},
  pages={1-6},
  url={https://api.semanticscholar.org/CorpusID:196831542}
}

@article{Tomm2021ABA,
  title={A bright and fast source of coherent single photons},
  author={Natasha Tomm and Alisa Javadi and Nadia O. Antoniadis and Daniel Najer and Matthias Christian L{\"o}bl and Alexander Rolf Korsch and R{\"u}diger Schott and Sascha R. Valentin and Andreas Dirk Wieck and Arne Ludwig and Richard John Warburton},
  journal={Nature Nanotechnology},
  year={2021},
  volume={16},
  pages={399 - 403},
  url={https://api.semanticscholar.org/CorpusID:220769410}
}

@article{Huber2019FilterfreeSQ,
  title={Filter-free single-photon quantum dot resonance fluorescence in an integrated cavity-waveguide device},
  author={Tobias Huber and Marcelo Davancco and Markus Michael Muller and Yichen Shuai and Olivier Gazzano and Glenn S Solomon},
  journal={arXiv: Quantum Physics},
  year={2019},
  url={https://api.semanticscholar.org/CorpusID:204576003}
}

@article{Uppu2020OnchipDO,
  title={On-chip deterministic operation of quantum dots in dual-mode waveguides for a plug-and-play single-photon source},
  author={Ravitej Uppu and Hans T. Eriksen and Henri Thyrrestrup and Aslı D. Uğurlu and Ying Wang and Sven Scholz and Andreas Dirk Wieck and Arne Ludwig and Matthias Christian L{\"o}bl and Richard John Warburton and Peter Lodahl and Leonardo Midolo},
  journal={Nature Communications},
  year={2020},
  volume={11},
  url={https://api.semanticscholar.org/CorpusID:210942666}
}

@article{Muller2007ResonanceFF,
  title={Resonance fluorescence from a coherently driven semiconductor quantum dot in a cavity.},
  author={Andreas Muller and E. B. Flagg and Pablo Bianucci and Xiaoyong Wang and Dennis Deppe and W.Q. Ma and Jiayu Zhang and Min Xiao and Gregory J. Salamo and C. K. Shih},
  journal={Physical review letters},
  year={2007},
  volume={99 18},
  pages={
          187402
        },
  url={https://api.semanticscholar.org/CorpusID:6110048}
}

@article{Ate2009PostselectedIP,
  title={Post-selected indistinguishable photons from the resonance fluorescence of a single quantum dot in a microcavity.},
  author={Serkan Ateş and Sven Markus Ulrich and Stephan Reitzenstein and Andreas Loeffler and Alfred Forchel and Peter Michler},
  journal={Physical review letters},
  year={2009},
  volume={103 16},
  pages={
          167402
        },
  url={https://api.semanticscholar.org/CorpusID:30735333}
}

@article{Kirvsanske2017IndistinguishableAE,
  title={Indistinguishable and efficient single photons from a quantum dot in a planar nanobeam waveguide},
  author={Gabija Kirvsansk.e and Henri Thyrrestrup and Rapha{\"e}l S. Daveau and Chris Dreessen and Tommaso Pregnolato and Leonardo Midolo and Petru Tighineanu and Alisa Javadi and S{\o}ren Stobbe and R{\"u}diger Schott and Arne Ludwig and Andreas Dirk Wieck and Suk-In Park and Jin Dong Song and Andreas V. Kuhlmann and Immo Sollner and Matthias Christian Lobl and Richard John Warburton and Peter Lodahl},
  journal={Physical Review B},
  year={2017},
  volume={96},
  url={https://api.semanticscholar.org/CorpusID:26694240}
}

@article{Regidor2020ModellingQL,
  title={Modelling quantum light-matter interactions in waveguide-QED with retardation and a time-delayed feedback: matrix product states versus a space-discretized waveguide model},
  author={Sofia Arranz Regidor and Gavin Crowder and Howard Carmichael and Stephen Hughes},
  journal={arXiv: Quantum Physics},
  year={2020},
  url={https://api.semanticscholar.org/CorpusID:227151495}
}